<collection xmlns="http://www.loc.gov/MARC21/slim">
<record>
  <leader>01303nam0a22002771i 450 </leader>
  <controlfield tag="001">IT\ICCU\CNCE\023737</controlfield>
  <controlfield tag="005">19990310000000.0</controlfield>
  <datafield tag="012" ind1=" " ind2=" ">
    <subfield code="a">uri- si60 inI. AdEo (3) 1580 (R)</subfield>
    <subfield code="2">fei</subfield>
  </datafield>
  <datafield tag="100" ind1=" " ind2=" ">
    <subfield code="a">19970715d1580        0itac0103    ba</subfield>
  </datafield>
  <datafield tag="101" ind1=" " ind2=" ">
    <subfield code="a">LAT</subfield>
  </datafield>
  <datafield tag="102" ind1=" " ind2=" ">
    <subfield code="a">IT</subfield>
  </datafield>
  <datafield tag="200" ind1="1" ind2=" ">
    <subfield code="a">℗D. Benuenuti Stracchae I.C. ... Anconitani ... ℗ In ... Aymonis Crauettae responsa Annotationes</subfield>
  </datafield>
  <datafield tag="210" ind1=" " ind2=" ">
    <subfield code="a">Venetiis</subfield>
    <subfield code="c">apud Bartholomaeum Carampellum</subfield>
    <subfield code="d">1580</subfield>
  </datafield>
  <datafield tag="215" ind1=" " ind2=" ">
    <subfield code="a">\48! p., 120 c.</subfield>
    <subfield code="d">4ʻ</subfield>
  </datafield>
  <datafield tag="620" ind1=" " ind2=" ">
    <subfield code="a">IT</subfield>
    <subfield code="d">Venezia</subfield>
  </datafield>
  <datafield tag="700" ind1=" " ind2="1">
    <subfield code="a">Stracca,</subfield>
    <subfield code="b">Benvenuto</subfield>
    <subfield code="3">IT\ICCU\CNCA\006883</subfield>
  </datafield>
  <datafield tag="712" ind1="0" ind2="0">
    <subfield code="a">Carampello, Bartolomeo</subfield>
    <subfield code="3">IT\ICCU\CNCT\000292</subfield>
    <subfield code="4">650</subfield>
  </datafield>
  <datafield tag="790" ind1=" " ind2="1">
    <subfield code="a">Straccha,</subfield>
    <subfield code="b">Benvenutus</subfield>
    <subfield code="3">IT\ICCU\CNCA\011280</subfield>
    <subfield code="z">Stracca, Benvenuto</subfield>
  </datafield>
  <datafield tag="790" ind1=" " ind2="1">
    <subfield code="a">Stracchia,</subfield>
    <subfield code="b">Benvenutus</subfield>
    <subfield code="3">IT\ICCU\CNCA\011281</subfield>
    <subfield code="z">Stracca, Benvenuto</subfield>
  </datafield>
  <datafield tag="791" ind1="0" ind2="0">
    <subfield code="a">Carampellus, Bartholomaeus</subfield>
    <subfield code="3">IT\ICCU\CNCT\004445</subfield>
    <subfield code="z">Carampello, Bartolomeo</subfield>
  </datafield>
  <datafield tag="791" ind1="0" ind2="0">
    <subfield code="a">Carampelli, Bartolomeo</subfield>
    <subfield code="3">IT\ICCU\CNCT\004446</subfield>
    <subfield code="z">Carampello, Bartolomeo</subfield>
  </datafield>
  <datafield tag="801" ind1=" " ind2="3">
    <subfield code="a">IT</subfield>
    <subfield code="b">ICCU</subfield>
    <subfield code="c">20201114</subfield>
  </datafield>
  <datafield tag="899" ind1=" " ind2=" ">
    <subfield code="a">Biblioteca civica Giovanni Canna. Casale Monferrato</subfield>
    <subfield code="1">AL0114</subfield>
    <subfield code="2">TO0 49</subfield>
  </datafield>
  <datafield tag="899" ind1=" " ind2=" ">
    <subfield code="a">Biblioteca dell&apos;Istituto tecnico commerciale F. Carrara. Lucca</subfield>
    <subfield code="1">LU0101</subfield>
    <subfield code="2">ZLU 10</subfield>
  </datafield>
  <datafield tag="899" ind1=" " ind2=" ">
    <subfield code="a">Biblioteca comunale Giuseppe Genovese. Bisacquino</subfield>
    <subfield code="1">PA0009</subfield>
    <subfield code="2">PA1 GG</subfield>
  </datafield>
  <datafield tag="899" ind1=" " ind2=" ">
    <subfield code="a">Biblioteca provinciale dei cappuccini. Palermo</subfield>
    <subfield code="1">PA0092</subfield>
    <subfield code="2">PAL 66</subfield>
  </datafield>
</record>
</collection>
